% So sieht der Biblatex Eintag für eine Abschlussarbeit aus:
@thesis{ma-sebastian,
author = {Müller, Sebastian},
title = {Clear Sight in Cherenkov-Astronomy},
subtitle = {Investigations of Reflector Geometry and Mirror Alignment for the FACT-Telescope},
year = {2014},
type = {Masterarbeit},
school = {TU Dortmund}
}

% ein Lehrbuch:
@book{kuypers,
    author = {Kuypers, Friedhelm},
    title = {Klassische Mechanik},
    year = {2010},
    publisher = {Wiley-VCH},
    series = {9. Auflage}
}

@BOOK{handbook_adhesives,
  editor =       {Satas, D.},
  TITLE =        {Handbook of pressure sensitive adhesive technology},
  PUBLISHER =    {Van Nostrand Reinhold},
  YEAR =         {1989},
  address =      {New York},
  edition =      {2nd},
}


% Ein in einem Journal veröffentlichter Artikel (Paper):
@article{pdg,
    author = "Workman, R. L. and Others",
    collaboration = "Particle Data Group",
    title = "{Review of Particle Physics}",
    doi = "10.1093/ptep/ptac097",
    journal = "PTEP",
    volume = "2022",
    pages = "083C01",
    year = "2022"
}

@ARTICLE{einstein,
  author = {Einstein, A.},
  title = {A Generalization of the relativistic theory of Gravitation},
  journal = {Annals of Mathematics},
  year = {1945},
  volume = {46},
  pages = {578-584},
  number = {4}
  }

% eine Internet Quelle
@MANUAL{siunitx,
    title   = {siunitx - A comprehensive (SI) units package},
    url = {http://mirror.selfnet.de/tex-archive/macros/latex/contrib/siunitx/siunitx.pdf},
    date = {2013},
    author = {Wright, Joseph}
}
@MANUAL{koma,
    title   = {KOMA -Script},
    subtitle = {ein wandelbares LaTeX-Paket},
    url = {http://mirror.selfnet.de/tex-archive/macros/latex/contrib/koma-script/doc/scrguide.pdf},
    date = {2013},
    author = {Kohm, Markus and Morawski, Jens-Uwe}
}
@MANUAL{biblatex,
    title   = {The Biblatex Package},
    subtitle = {Programmable Bibliographies and Citations},
    url = {ftp://ftp.fu-berlin.de/tex/CTAN/macros/latex/contrib/biblatex/doc/biblatex.pdf},
    date = {2014},
    author = {Lehman, Philipp and others}
}
@ELECTRONIC{make,
    title   = {Gnu-Make Homepage},
    url = {http://www.gnu.org/software/make/},
    date = {2014},
}
@ELECTRONIC{toolbox,
    title   = {Pep et al.\ Toolbox -- \LaTeX-Folien},
    url = {http://toolbox.pep-dortmund.org/files/archive/2014/latex.pdf},
    date = {2014},
}
@ELECTRONIC{gitbash,
    title   = {Git Bash - Download},
    url = {http://msysgit.github.io/},
    date = {2014},
}
@ELECTRONIC{pleser,
    title   = {Modern Packages for LaTeX},
    url = {http://philippleser.de/physics/latex},
    date = {2014},
    author = {Leser, Philipp}
}
@MANUAL{l2tabu,
    title   = {Das LATEX2ε-Sündenregister},
    author = {Ensenbach, Marc and Trettin, Mark},
    url = {ftp://ftp.mpi-sb.mpg.de/pub/tex/mirror/ftp.dante.de/pub/tex/info/l2tabu/german/l2tabu.pdf},
    date = {2011},
}
@ELECTRONIC{texmaker,
    title   = {Texmaker},
    subtitle =  {The universal LaTeX editor, Downloads},
    url = {http://www.xm1math.net/texmaker/download.html},
    date = {2014},
}

@article{blazar_stacking_2020,
doi = {10.3847/1538-4357/ac8de4},
year = {2022},
month = {oct},
publisher = {The American Astronomical Society},
volume = {938},
number = {1},
pages = {38},
author = {R. Abbasi and M. Ackermann and J. Adams and J. A. Aguilar and M. Ahlers and M. Ahrens and J. M. Alameddine and A. A. Alves and N. M. Amin and K. Andeen and T. Anderson and G. Anton and C. Argüelles and Y. Ashida and S. Athanasiadou and S. Axani and X. Bai and A. Balagopal V. and M. Baricevic and S. W. Barwick and V. Basu and R. Bay and J. J. Beatty and K.-H. Becker and J. Becker Tjus and J. Beise and C. Bellenghi and S. Benda and S. BenZvi and D. Berley and E. Bernardini and D. Z. Besson and G. Binder and D. Bindig and E. Blaufuss and S. Blot and F. Bontempo and J. Y. Book and J. Borowka and S. Böser and O. Botner and J. Böttcher and E. Bourbeau and F. Bradascio and J. Braun and B. Brinson and S. Bron and J. Brostean-Kaiser and R. T. Burley and R. S. Busse and M. A. Campana and E. G. Carnie-Bronca and C. Chen and Z. Chen and D. Chirkin and K. Choi and B. A. Clark and L. Classen and A. Coleman and G. H. Collin and A. Connolly and J. M. Conrad and P. Coppin and P. Correa and D. F. Cowen and R. Cross and C. Dappen and P. Dave and C. De Clercq and J. J. DeLaunay and D. Delgado López and H. Dembinski and K. Deoskar and A. Desai and P. Desiati and K. D. de Vries and G. de Wasseige and T. DeYoung and A. Diaz and J. C. Díaz-Vélez and M. Dittmer and H. Dujmovic and M. A. DuVernois and T. Ehrhardt and P. Eller and R. Engel and H. Erpenbeck and J. Evans and P. A. Evenson and K. L. Fan and A. R. Fazely and A. Fedynitch and N. Feigl and S. Fiedlschuster and A. T. Fienberg and C. Finley and L. Fischer and D. Fox and A. Franckowiak and E. Friedman and A. Fritz and P. Fürst and T. K. Gaisser and J. Gallagher and E. Ganster and A. Garcia and S. Garrappa and L. Gerhardt and A. Ghadimi and C. Glaser and T. Glauch and T. Glüsenkamp and N. Goehlke and J. G. Gonzalez and S. Goswami and D. Grant and T. Grégoire and S. Griswold and C. Günther and P. Gutjahr and C. Haack and A. Hallgren and R. Halliday and L. Halve and F. Halzen and H. Hamdaoui and M. Ha Minh and K. Hanson and J. Hardin and A. A. Harnisch and P. Hatch and A. Haungs and K. Helbing and J. Hellrung and F. Henningsen and E. C. Hettinger and L. Heuermann and S. Hickford and J. Hignight and C. Hill and G. C. Hill and K. D. Hoffman and K. Hoshina and W. Hou and M. Huber and T. Huber and K. Hultqvist and M. Hünnefeld and R. Hussain and K. Hymon and S. In and N. Iovine and A. Ishihara and M. Jansson and G. S. Japaridze and M. Jeong and M. Jin and B. J. P. Jones and D. Kang and W. Kang and X. Kang and A. Kappes and D. Kappesser and L. Kardum and T. Karg and M. Karl and A. Karle and U. Katz and M. Kauer and J. L. Kelley and A. Kheirandish and K. Kin and J. Kiryluk and S. R. Klein and A. Kochocki and R. Koirala and H. Kolanoski and T. Kontrimas and L. Köpke and C. Kopper and S. Kopper and D. J. Koskinen and P. Koundal and M. Kovacevich and M. Kowalski and T. Kozynets and E. Krupczak and E. Kun and N. Kurahashi and N. Lad and C. Lagunas Gualda and M. J. Larson and F. Lauber and J. P. Lazar and J. W. Lee and K. Leonard and A. Leszczyńska and M. Lincetto and Q. R. Liu and M. Liubarska and E. Lohfink and C. J. Lozano Mariscal and L. Lu and F. Lucarelli and A. Ludwig and W. Luszczak and Y. Lyu and W. Y. Ma and J. Madsen and K. B. M. Mahn and Y. Makino and S. Mancina and W. Marie Sainte and I. C. Mariş and I. Martinez-Soler and R. Maruyama and S. McCarthy and T. McElroy and F. McNally and J. V. Mead and K. Meagher and S. Mechbal and A. Medina and M. Meier and S. Meighen-Berger and Y. Merckx and J. Micallef and D. Mockler and T. Montaruli and R. W. Moore and R. Morse and M. Moulai and T. Mukherjee and R. Naab and R. Nagai and U. Naumann and J. Necker and L. V. Nguyễn and H. Niederhausen and M. U. Nisa and S. C. Nowicki and A. Obertacke Pollmann and M. Oehler and B. Oeyen and A. Olivas and J. Osborn and E. O’Sullivan and H. Pandya and D. V. Pankova and N. Park and G. K. Parker and E. N. Paudel and L. Paul and C. Pérez de los Heros and L. Peters and J. Peterson and S. Philippen and S. Pieper and A. Pizzuto and M. Plum and Y. Popovych and A. Porcelli and M. Prado Rodriguez and B. Pries and G. T. Przybylski and C. Raab and J. Rack-Helleis and A. Raissi and M. Rameez and K. Rawlins and I. C. Rea and Z. Rechav and A. Rehman and P. Reichherzer and G. Renzi and E. Resconi and S. Reusch and W. Rhode and M. Richman and B. Riedel and E. J. Roberts and S. Robertson and S. Rodan and G. Roellinghoff and M. Rongen and C. Rott and T. Ruhe and D. Ryckbosch and D. Rysewyk Cantu and I. Safa and J. Saffer and D. Salazar-Gallegos and P. Sampathkumar and S. E. Sanchez Herrera and A. Sandrock and M. Santander and S. Sarkar and S. Sarkar and K. Satalecka and M. Schaufel and H. Schieler and S. Schindler and T. Schmidt and A. Schneider and J. Schneider and F. G. Schröder and L. Schumacher and G. Schwefer and S. Sclafani and D. Seckel and S. Seunarine and A. Sharma and S. Shefali and N. Shimizu and M. Silva and B. Skrzypek and B. Smithers and R. Snihur and J. Soedingrekso and A. Sogaard and D. Soldin and C. Spannfellner and G. M. Spiczak and C. Spiering and M. Stamatikos and T. Stanev and R. Stein and J. Stettner and T. Stezelberger and T. Stürwald and T. Stuttard and G. W. Sullivan and I. Taboada and S. Ter-Antonyan and W. G. Thompson and J. Thwaites and S. Tilav and K. Tollefson and C. Tönnis and S. Toscano and D. Tosi and A. Trettin and M. Tselengidou and C. F. Tung and A. Turcati and R. Turcotte and J. P. Twagirayezu and B. Ty and M. A. Unland Elorrieta and M. Unland Elorrieta and K. Upshaw and N. Valtonen-Mattila and J. Vandenbroucke and N. van Eijndhoven and D. Vannerom and J. van Santen and J. Veitch-Michaelis and S. Verpoest and C. Walck and W. Wang and T. B. Watson and C. Weaver and P. Weigel and A. Weindl and J. Weldert and C. Wendt and J. Werthebach and M. Weyrauch and N. Whitehorn and C. H. Wiebusch and N. Willey and D. R. Williams and M. Wolf and G. Wrede and J. Wulff and X. W. Xu and J. P. Yanez and E. Yildizci and S. Yoshida and S. Yu and T. Yuan and Z. Zhang and P. Zhelnin and IceCube Collaboration},
title = {Search for Astrophysical Neutrinos from 1FLE Blazars with IceCube},
journal = {The Astrophysical Journal},
}

@article{blazar,
  title = {Diffuse neutrino intensity from the inner jets of active galactic nuclei: Impacts of external photon fields and the blazar sequence},
  author = {Murase, Kohta and Inoue, Yoshiyuki and Dermer, Charles D.},
  journal = {Phys. Rev. D},
  volume = {90},
  issue = {2},
  pages = {023007},
  numpages = {18},
  year = {2014},
  month = {Jul},
  publisher = {American Physical Society},
  doi = {10.1103/PhysRevD.90.023007},
}

@ARTICLE{eichmann,
       author = {{Eichmann}, B. and {Schlickeiser}, R. and {Rhode}, W.},
        title = "{Differences of Leptonic and Hadronic Radiation Production in Flaring Blazars}",
      journal = {The Astrophysical Journal},
         year = 2012,
        month = {april},
       volume = {749},
       number = {2},
          eid = {155},
        pages = {155},
          doi = {10.1088/0004-637X/749/2/155},
}


@article{starburst,
    author = {Yoast-Hull, Tova M. and Gallagher, John. S., III and Zweibel, Ellen G.},
    title = "{Cosmic rays, $\gamma$ -rays, and neutrinos in the starburst nuclei of Arp 220}",
    journal = {Monthly Notices of the Royal Astronomical Society},
    volume = {453},
    number = {1},
    pages = {222-228},
    year = {2015},
    month = {08},
    issn = {0035-8711},
    doi = {10.1093/mnras/stv1525},
}

@article{starburst2,
  title = {Testing the hadronuclear origin of PeV neutrinos observed with IceCube},
  author = {Murase, Kohta and Ahlers, Markus and Lacki, Brian C.},
  journal = {Phys. Rev. D},
  volume = {88},
  issue = {12},
  pages = {121301},
  numpages = {6},
  year = {2013},
  month = {Dec},
  publisher = {American Physical Society},
  doi = {10.1103/PhysRevD.88.121301},
}


@article{likelihood_method,
	doi = {10.1016/j.astropartphys.2008.02.007},

	year = 2008,
	month = {may},

	publisher = {Elsevier {BV}
},

	volume = {29},

	number = {4},

	pages = {299--305},

	author = {Jim Braun and Jon Dumm and Francesco De Palma and Chad Finley and Albrecht Karle and Teresa Montaruli},

	title = {Methods for point source analysis in high energy neutrino telescopes},

	journal = {Astroparticle Physics}
}

@article{wilk,
author = {S. S. Wilks},
title = {{The Large-Sample Distribution of the Likelihood Ratio for Testing Composite Hypotheses}},
volume = {9},
journal = {The Annals of Mathematical Statistics},
number = {1},
publisher = {Institute of Mathematical Statistics},
pages = {60 -- 62},
year = {1938},
doi = {10.1214/aoms/1177732360}
}

@article{sky_llh,
  author = "Wolf, Martin",
  title = "{SkyLLH - A generalized Python-based tool for log-likelihood analyses in multi-messenger astronomy}",
  doi = "10.22323/1.358.1035",
  journal = "PoS",
  year = 2019,
  volume = "ICRC2019",
  pages = "1035"
}

@article{Aartsen_2017,
	doi = {10.1016/j.astropartphys.2017.05.002},

	year = 2017,
	month = {jun},

	publisher = {Elsevier {BV}
},

	volume = {92},

	pages = {30--41},

	author = {M.G. Aartsen and M. Ackermann and J. Adams and J.A. Aguilar and M. Ahlers and M. Ahrens and D. Altmann and K. Andeen and T. Anderson and I. Ansseau and G. Anton and M. Archinger and C. Argüelles and J. Auffenberg and S. Axani and X. Bai and S.W. Barwick and V. Baum and R. Bay and J.J. Beatty and J. Becker Tjus and K.-H. Becker and S. BenZvi and D. Berley and E. Bernardini and A. Bernhard and D.Z. Besson and G. Binder and D. Bindig and M. Bissok and E. Blaufuss and S. Blot and C. Bohm and M. Börner and F. Bos and D. Bose and S. Böser and O. Botner and J. Braun and L. Brayeur and H.-P. Bretz and S. Bron and A. Burgman and T. Carver and M. Casier and E. Cheung and D. Chirkin and A. Christov and K. Clark and L. Classen and S. Coenders and G.H. Collin and J.M. Conrad and D.F. Cowen and R. Cross and M. Day and J.P.A.M. de Andr{\'{e}} and C. De Clercq and E. del Pino Rosendo and H. Dembinski and S. De Ridder and P. Desiati and K.D. de Vries and G. de Wasseige and M. de With and T. DeYoung and J.C. D{\'{\i}}az-V{\'{e}}lez and V. di Lorenzo and H. Dujmovic and J.P. Dumm and M. Dunkman and B. Eberhardt and T. Ehrhardt and B. Eichmann and P. Eller and S. Euler and P.A. Evenson and S. Fahey and A.R. Fazely and J. Feintzeig and J. Felde and K. Filimonov and C. Finley and S. Flis and C.-C. Fösig and A. Franckowiak and E. Friedman and T. Fuchs and T.K. Gaisser and J. Gallagher and L. Gerhardt and K. Ghorbani and W. Giang and L. Gladstone and T. Glauch and T. Glüsenkamp and A. Goldschmidt and J.G. Gonzalez and D. Grant and Z. Griffith and C. Haack and A. Hallgren and F. Halzen and E. Hansen and T. Hansmann and K. Hanson and D. Hebecker and D. Heereman and K. Helbing and R. Hellauer and S. Hickford and J. Hignight and G.C. Hill and K.D. Hoffman and R. Hoffmann and K. Hoshina and F. Huang and M. Huber and K. Hultqvist and S. In and A. Ishihara and E. Jacobi and G.S. Japaridze and M. Jeong and K. Jero and B.J.P. Jones and W. Kang and A. Kappes and T. Karg and A. Karle and U. Katz and M. Kauer and A. Keivani and J.L. Kelley and A. Kheirandish and J. Kim and M. Kim and T. Kintscher and J. Kiryluk and T. Kittler and S.R. Klein and G. Kohnen and R. Koirala and H. Kolanoski and R. Konietz and L. Köpke and C. Kopper and S. Kopper and D.J. Koskinen and M. Kowalski and K. Krings and M. Kroll and G. Krückl and C. Krüger and J. Kunnen and S. Kunwar and N. Kurahashi and T. Kuwabara and M. Labare and J.L. Lanfranchi and M.J. Larson and F. Lauber and D. Lennarz and M. Lesiak-Bzdak and M. Leuermann and L. Lu and J. Lünemann and J. Madsen and G. Maggi and K.B.M. Mahn and S. Mancina and M. Mandelartz and R. Maruyama and K. Mase and R. Maunu and F. McNally and K. Meagher and M. Medici and M. Meier and A. Meli and T. Menne and G. Merino and T. Meures and S. Miarecki and T. Montaruli and M. Moulai and R. Nahnhauer and U. Naumann and G. Neer and H. Niederhausen and S.C. Nowicki and D.R. Nygren and A. Obertacke Pollmann and A. Olivas and A. O'Murchadha and T. Palczewski and H. Pandya and D.V. Pankova and P. Peiffer and Ö. Penek and J.A. Pepper and C. P{\'{e}}rez de los Heros and D. Pieloth and E. Pinat and P.B. Price and G.T. Przybylski and M. Quinnan and C. Raab and L. Rädel and M. Rameez and K. Rawlins and R. Reimann and B. Relethford and M. Relich and E. Resconi and W. Rhode and M. Richman and B. Riedel and S. Robertson and M. Rongen and C. Rott and T. Ruhe and D. Ryckbosch and D. Rysewyk and L. Sabbatini and S.E. Sanchez Herrera and A. Sandrock and J. Sandroos and S. Sarkar and K. Satalecka and P. Schlunder and T. Schmidt and S. Schoenen and S. Schöneberg and L. Schumacher and D. Seckel and S. Seunarine and D. Soldin and M. Song and G.M. Spiczak and C. Spiering and T. Stanev and A. Stasik and J. Stettner and A. Steuer and T. Stezelberger and R.G. Stokstad and A. Stö{\ss}l and R. Ström and N.L. Strotjohann and G.W. Sullivan and M. Sutherland and H. Taavola and I. Taboada and J. Tatar and F. Tenholt and S. Ter-Antonyan and A. Terliuk and G. Te{\v{s}}i{\'{c}} and S. Tilav and P.A. Toale and M.N. Tobin and S. Toscano and D. Tosi and M. Tselengidou and A. Turcati and E. Unger and M. Usner and J. Vandenbroucke and N. van Eijndhoven and S. Vanheule and M. van Rossem and J. van Santen and M. Vehring and M. Voge and E. Vogel and M. Vraeghe and C. Walck and A. Wallace and M. Wallraff and N. Wandkowsky and Ch. Weaver and M.J. Weiss and C. Wendt and S. Westerhoff and B.J. Whelan and S. Wickmann and K. Wiebe and C.H. Wiebusch and L. Wille and D.R. Williams and L. Wills and M. Wolf and T.R. Wood and E. Woolsey and K. Woschnagg and D.L. Xu and X.W. Xu and Y. Xu and J.P. Yanez and G. Yodh and S. Yoshida and M. Zoll},

	title = {The {IceCube} realtime alert system},

	journal = {Astroparticle Physics}
}

@misc{cross_n,
  doi = {10.48550/ARXIV.2202.00694},

  url = {https://arxiv.org/abs/2202.00694},

  author = {Halzen, Francis and Kheirandish, Ali},

  title = {IceCube and High-Energy Cosmic Neutrinos},

  publisher = {arXiv},

  year = {2022},

  copyright = {Creative Commons Zero v1.0 Universal}
}

@ELECTRONIC{icecube_website,
    title   = {IceCube – IceCube Neutrino Observatory Homepage},
    url = {https://icecube.wisc.edu},
    date = {2021},
}

@article{Ahlers_2018,
	doi = {10.1140/epjc/s10052-018-6369-9},

	year = 2018,
	month = {nov},

	publisher = {Springer Science and Business Media {LLC}
},

	volume = {78},

	number = {11},

	author = {Markus Ahlers and Klaus Helbing and Carlos P{\'{e}}rez de los Heros},

	title = {Probing particle physics with {IceCube}},

	journal = {The European Physical Journal C}
}

@article{steve_und_mirco,
  author = "Steve Sclafani and Mirco Hünnefeld et al.",
  title = "{A Search for Neutrino Sources with Cascade Events in IceCube}",
  doi = "10.22323/1.395.1150",
  journal = "PoS",
  year = 2021,
  volume = "ICRC2021",
  pages = "1150"
}

@article{PhysRev52378,
  title = {Visible Radiation Produced by Electrons Moving in a Medium with Velocities Exceeding that of Light},
  author = {\ifmmode \check{C}\else \v{C}\fi{}erenkov, P. A.},
  journal = {Phys. Rev.},
  volume = {52},
  issue = {4},
  pages = {378--379},
  numpages = {0},
  year = {1937},
  month = {Aug},
  publisher = {American Physical Society},
  doi = {10.1103/PhysRev.52.378}
}

@book{spiering,
  title     = "Neutrinoastronomie",
  subtitle  = "{Blick in verborgene Welten}",
  author    = {Christian Spiering},
  year      = 2021,
  publisher = {Springer Berlin, Heidelberg},
  doi       = "https://doi.org/10.1007/978-3-662-63294-9"
}

@article{ex_likelihood,
      author         = {Roger Barlow},
      title          = {Nuclear Instruments and Methods in Physics Research Section A: Accelerators, Spectrometers, Detectors and Associated Equipment},
      journal        = {Elsevier},
      volume         = {297},
      issue          = {3},
      pages          = {496-506},
      doi            = {https://doi.org/10.1016/0168-9002(90)91334-8},
      year           = {1990},
}

@book{Blobel,
  title     = "Statistische und numerische Methoden der Datenanalyse",
  author    = {Volker Blobel, Erich Lohrmann},
  year      = 2012,
  publisher = {Volker Blobel, Erich Lohrmann},
  url       = "http://www-library.desy.de/elbook.html"
}

@article{txs,
	doi = {10.1126/science.aat2890},

	year = 2018,
	month = {jul},

	publisher = {American Association for the Advancement of Science ({AAAS})},

	volume = {361},

	number = {6398},

	pages = {147--151},

	author = {M. G. Aartsen et al.},

	title = {Neutrino emission from the direction of the blazar {TXS} 0506$\mathplus$056 prior to the {IceCube}-170922A alert},

	journal = {Science}
}

@ELECTRONIC{tdepps_1,
    title   = {tdepps software},
    url = {https://github.com/mennthor/tdepps},
    date = {2018},
}

@ELECTRONIC{tdepps_2,
    title   = {modified tdepps software},
    url = {https://github.com/cybajohn/tdepps},
    date = {2022},
}

@article{agn,
  author = "Beckmann, Volker  and  Shrader, Chris",
  title = "{The AGN phenomenon: open issues}",
  doi = "10.22323/1.176.0069",
  journal = "PoS",
  year = 2013,
  volume = "INTEGRAL 2012",
  pages = "069"
}
